<record><leader>00000cas a2200000 a 4500</leader><controlfield tag="001">35448159</controlfield><controlfield tag="008">960909d19741980azudr ne      0    0eng d</controlfield><datafield ind1=" " ind2=" " tag="010"><subfield code="a">sn 96060549 </subfield></datafield><datafield ind1=" " ind2=" " tag="040"><subfield code="a">ANN</subfield><subfield code="b">eng</subfield><subfield code="c">ANN</subfield><subfield code="d">OCLCQ</subfield><subfield code="d">OCLCO</subfield></datafield><datafield ind1="1" ind2=" " tag="029"><subfield code="a">AU@</subfield><subfield code="b">000025929245</subfield></datafield><datafield ind1=" " ind2=" " tag="042"><subfield code="a">msc</subfield></datafield><datafield ind1=" " ind2=" " tag="043"><subfield code="a">n-us-az</subfield></datafield><datafield ind1="0" ind2="4" tag="245"><subfield code="a">The Kingman daily miner and Mohave County miner.</subfield></datafield><datafield ind1=" " ind2=" " tag="260"><subfield code="a">Kingman, Ariz. :</subfield><subfield code="b">Mohave County Miner, Inc.,</subfield><subfield code="c">1974-1980.</subfield></datafield><datafield ind1=" " ind2=" " tag="300"><subfield code="a">v.</subfield></datafield><datafield ind1=" " ind2=" " tag="310"><subfield code="a">Daily (except Sat. and Sun.)</subfield></datafield><datafield ind1="0" ind2=" " tag="362"><subfield code="a">92nd year, no. 1 (Nov. 1, 1974)-97th year, no. 177 (July 16, 1980).</subfield></datafield><datafield ind1=" " ind2="0" tag="651"><subfield code="a">Kingman (Ariz.)</subfield><subfield code="v">Newspapers.</subfield></datafield><datafield ind1=" " ind2="0" tag="651"><subfield code="a">Mohave County (Ala.)</subfield><subfield code="v">Newspapers.</subfield></datafield><datafield ind1=" " ind2=" " tag="752"><subfield code="a">United States</subfield><subfield code="b">Arizona</subfield><subfield code="c">Mohave</subfield><subfield code="d">Kingman.</subfield></datafield><datafield ind1="0" ind2=" " tag="770"><subfield code="t">Mohave</subfield></datafield><datafield ind1="0" ind2="0" tag="780"><subfield code="t">Mohave County miner (Kingman, Ariz. : 1922)</subfield><subfield code="w">(DLC)sn 82014377</subfield></datafield><datafield ind1="0" ind2="0" tag="785"><subfield code="t">Kingman daily miner (Kingman, Ariz. : 1980)</subfield><subfield code="w">(DLC)sn 84002769</subfield></datafield></record>